<?xml version="1.0" encoding="UTF-8" ?>
<collection xmlns:xsi="http://www.w3.org/2001/XMLSchema-instance" xsi:schemaLocation="http://www.loc.gov/MARC21/slim http://www.loc.gov/standards/marcxml/schema/MARC21slim.xsd" xmlns="http://www.loc.gov/MARC21/slim">
   <record>
      <leader>     mam a22      a 4500</leader>
      <controlfield tag="001">1684402</controlfield>
      <controlfield tag="003">COO</controlfield>
      <controlfield tag="005">20130330173445.0</controlfield>
      <controlfield tag="008">910426s1951    ua a     b    000 0 arar </controlfield>
      <datafield tag="010" ind1=" " ind2=" ">
         <subfield code="a">   89960887 </subfield>
      </datafield>
      <datafield tag="035" ind1=" " ind2=" ">
         <subfield code="a">(NIC)notisAHX2698</subfield>
      </datafield>
      <datafield tag="035" ind1=" " ind2=" ">
         <subfield code="a">(OCoLC)24215231</subfield>
      </datafield>
      <datafield tag="035" ind1=" " ind2=" ">
         <subfield code="a">1684402</subfield>
      </datafield>
      <datafield tag="040" ind1=" " ind2=" ">
         <subfield code="a">DLC</subfield>
         <subfield code="c">DLC</subfield>
         <subfield code="d">NIC</subfield>
      </datafield>
      <datafield tag="043" ind1=" " ind2=" ">
         <subfield code="a">ma-----</subfield>
         <subfield code="a">f-ua---</subfield>
      </datafield>
      <datafield tag="050" ind1="0" ind2="0">
         <subfield code="a">PJ7541</subfield>
         <subfield code="b">.H348 1951</subfield>
      </datafield>
      <datafield tag="100" ind1="1" ind2=" ">
         <subfield code="a">Ḥasan, ʻAbbās.</subfield>
      </datafield>
      <datafield tag="245" ind1="1" ind2="3">
         <subfield code="a">al-Mutanabbī wa-Shawqī :</subfield>
         <subfield code="b">dirāsah wa-naqd wa-muwāzanah /</subfield>
         <subfield code="c">taʼlīf ʻAbbās Ḥasan.</subfield>
      </datafield>
      <datafield tag="250" ind1=" " ind2=" ">
         <subfield code="a">al-Ṭabʻah 1.</subfield>
      </datafield>
      <datafield tag="260" ind1=" " ind2=" ">
         <subfield code="a">al-Qāhirah :</subfield>
         <subfield code="b">Sharikat Maktabat wa-Maṭbaʻat Muṣṭafá al-Bābī al-Ḥalabī wa-Awlādih,</subfield>
         <subfield code="c">1951.</subfield>
      </datafield>
      <datafield tag="300" ind1=" " ind2=" ">
         <subfield code="a">434 p. :</subfield>
         <subfield code="b">ill. ;</subfield>
         <subfield code="c">22 cm.</subfield>
      </datafield>
      <datafield tag="504" ind1=" " ind2=" ">
         <subfield code="a">Includes bibliographical references.</subfield>
      </datafield>
      <datafield tag="650" ind1=" " ind2="0">
         <subfield code="a">Arabic poetry</subfield>
         <subfield code="x">History and criticism.</subfield>
      </datafield>
      <datafield tag="600" ind1="1" ind2="0">
         <subfield code="a">Mutanabbī, Abū al-Ṭayyib Aḥmad ibn al-Ḥusayn,</subfield>
         <subfield code="d">915 or 916-965</subfield>
         <subfield code="x">Criticism and interpretation.</subfield>
      </datafield>
      <datafield tag="600" ind1="1" ind2="0">
         <subfield code="a">Shawqī, Aḥmad,</subfield>
         <subfield code="d">1868-1932</subfield>
         <subfield code="x">Criticism and interpretation.</subfield>
      </datafield>
      <datafield tag="905" ind1=" " ind2=" ">
         <subfield code="a">19921202120000.0</subfield>
      </datafield>
      <datafield tag="948" ind1="2" ind2=" ">
         <subfield code="a">20100326</subfield>
         <subfield code="b">m</subfield>
         <subfield code="d">batch</subfield>
         <subfield code="e">lts</subfield>
         <subfield code="x">del9XXtxt</subfield>
      </datafield>
      <datafield tag="995" ind1=" " ind2=" ">
         <subfield code="a">Hivolm</subfield>
         <subfield code="d">20100326</subfield>
      </datafield>
      <datafield tag="903" ind1=" " ind2=" ">
         <subfield code="a">NYUACO</subfield>
         <subfield code="d">20131119</subfield>
         <subfield code="p">31924063401701</subfield>
      </datafield>
      <datafield tag="950" ind1=" " ind2=" ">
         <subfield code="a">PJ7750.M9</subfield>
         <subfield code="b">Z6 1951</subfield>
         <subfield code="v"> </subfield>
      </datafield>
   </record>
</collection>
